<record><leader>00000cas a22000007a 4500</leader><controlfield tag="001">15204134</controlfield><controlfield tag="008">870217c19789999iauwr ne      0    0eng d</controlfield><datafield ind1=" " ind2=" " tag="010"><subfield code="a">sn 87057362 </subfield></datafield><datafield ind1=" " ind2=" " tag="040"><subfield code="a">INP</subfield><subfield code="b">eng</subfield><subfield code="c">INP</subfield><subfield code="d">OCLCQ</subfield></datafield><datafield ind1=" " ind2=" " tag="042"><subfield code="a">msc</subfield></datafield><datafield ind1="0" ind2="4" tag="245"><subfield code="a">The Ocheyedan press-the Melvin news.</subfield></datafield><datafield ind1="3" ind2="0" tag="246"><subfield code="a">Ocheyedan press-Melvin news</subfield></datafield><datafield ind1=" " ind2=" " tag="260"><subfield code="a">Ocheyedan, IA :</subfield><subfield code="b">[Press, Inc.],</subfield><subfield code="c">1978-</subfield></datafield><datafield ind1=" " ind2=" " tag="300"><subfield code="a">v. :</subfield><subfield code="b">ill.</subfield></datafield><datafield ind1=" " ind2=" " tag="310"><subfield code="a">Weekly</subfield></datafield><datafield ind1="0" ind2=" " tag="362"><subfield code="a">Vol. 84, no. 20 (Apr. 13, 1978)-</subfield></datafield><datafield ind1=" " ind2=" " tag="500"><subfield code="a">Title varies slightly.</subfield></datafield><datafield ind1=" " ind2=" " tag="752"><subfield code="a">United States</subfield><subfield code="b">Iowa</subfield><subfield code="c">Osceola</subfield><subfield code="d">Ocheyedan.</subfield></datafield><datafield ind1="0" ind2="4" tag="780"><subfield code="t">Ocheyedan press (Ocheyedan, Iowa : 1947)</subfield><subfield code="w">(DLC)sn 87057361</subfield></datafield><datafield ind1="0" ind2="4" tag="780"><subfield code="t">Melvin news</subfield><subfield code="w">(DLC)sn 87057360</subfield></datafield></record>